@manual{abntex2modelo-relatorio,
	Annote = {Este documento {\'e} derivado do \cite{abnt-bibtex-doc}},
	Author = {Lauro C{\'e}sar Araujo},
	Date-Added = {2013-01-15 00:05:34 +0000},
	Date-Modified = {2015-04-27 22:43:18 +0000},
	Organization = {Equipe abnTeX2},
	Title = {Modelo Can{\^o}nico de Relat{\'o}rio T{\'e}cnico e/ou Cient{\'\i}fico com abnTeX2},
	Url = {http://www.abntex.net.br/},
	Year = {2015},
	Bdsk-Url-1 = {http://www.abntex.net.br/}}

@manual{cruz2014-aedi,
  Author       = {Ailton Cruz dos Santos},
  Title        = {Algoritmo e Estrutura de Dados I},
  Organization = {Universidade Federal de Alagoas},
  Year         = {2014},
  Note         = {Texto da disciplina produzido em 2008 e revisado em 2010, 2012 e 2014. 
                  Licenciado sob Creative Commons Atribui{\c{c}}{\~a}o-N{\~a}oComercial-CompartilhaIgual 4.0 Internacional},
  Url          = {https://educapes.capes.gov.br/bitstream/capes/176522/2/TextoAEDI_SI_UFAL_AiltonCruz.pdf}
}

@book{cormen2012-algoritmos,
  Author    = {Thomas H. Cormen and Charles E. Leiserson and Ronald L. Rivest and Clifford Stein},
  Title     = {Algoritmos: Teoria e Pr√°tica},
  Publisher = {Elsevier},
  Address   = {Rio de Janeiro},
  Year      = {2012},
  Edition   = {3},
  Note      = {Tradu{\c{c}}{\~a}o da 3{\textordfeminine} edi{\c{c}}{\~a}o de \textit{Introduction to Algorithms}}
}
